@article{1355951,
 author = {Dastani, Mehdi},
 title = {2APL: a practical agent programming language},
 journal = {Autonomous Agents and Multi-Agent Systems},
 volume = {16},
 number = {3},
 year = {2008},
 issn = {1387-2532},
 pages = {214--248},
 doi = {http://dx.doi.org/10.1007/s10458-008-9036-y},
 publisher = {Kluwer Academic Publishers},
 address = {Hingham, MA, USA},
 }

@inproceedings{1329294,
 author = {Dastani, Mehdi and Hobo, Dirk and Meyer, John-Jules Ch.},
 title = {Practical extensions in agent programming languages},
 booktitle = {AAMAS '07: Proceedings of the 6th international joint conference on Autonomous agents and multiagent systems},
 year = {2007},
 isbn = {978-81-904262-7-5},
 pages = {1--3},
 location = {Honolulu, Hawaii},
 doi = {http://doi.acm.org/10.1145/1329125.1329294},
 publisher = {ACM},
 address = {New York, NY, USA},
 }

